@inproceedings{jayasundara2019textcaps,
  title={Textcaps: Handwritten character recognition with very small datasets},
  author={Jayasundara, Vinoj and Jayasekara, Sandaru and Jayasekara, Hirunima and Rajasegaran, Jathushan and Seneviratne, Suranga and Rodrigo, Ranga},
  booktitle={2019 IEEE Winter Conference on Applications of Computer Vision (WACV)},
  pages={254--262},
  year={2019},
  organization={IEEE}
}

@inproceedings{sabour2017dynamic,
  title={Dynamic routing between capsules},
  author={Sabour, Sara and Frosst, Nicholas and Hinton, Geoffrey E},
  booktitle={Advances in neural information processing systems},
  pages={3856--3866},
  year={2017}
}

@inproceedings{hinton2011transforming,
  title={Transforming auto-encoders},
  author={Hinton, Geoffrey E and Krizhevsky, Alex and Wang, Sida D},
  booktitle={International Conference on Artificial Neural Networks},
  pages={44--51},
  year={2011},
  organization={Springer}
}

@inproceedings{rajasegaran2019deepcaps,
  title={DeepCaps: Going Deeper with Capsule Networks},
  author={Rajasegaran, Jathushan and Jayasundara, Vinoj and Jayasekara, Sandaru and Jayasekara, Hirunima and Seneviratne, Suranga and Rodrigo, Ranga},
  booktitle={Proceedings of the IEEE Conference on Computer Vision and Pattern Recognition},
  pages={10725--10733},
  year={2019}
}
@article{jayasundara2019treecaps,
  title={TreeCaps: Tree-Structured Capsule Networks for Program Source Code Processing},
  author={Jayasundara, Vinoj and Bui, Nghi Duy Quoc and Jiang, Lingxiao and Lo, David},
  journal={arXiv preprint arXiv:1910.12306},
  year={2019}
}